<record xmlns="http://www.loc.gov/MARC21/slim">
   <leader>04033nam a2200433 i 4500</leader>
   <controlfield tag="001">6784293</controlfield>
   <controlfield tag="003">CaPaEBR</controlfield>
   <controlfield tag="005">20141116142252.0</controlfield>
   <controlfield tag="006">m    eo  d        </controlfield>
   <controlfield tag="007">cr cn |||m|||a</controlfield>
   <controlfield tag="008">141116s2015    nyu    foab   001 0 eng d</controlfield>
   <datafield ind1=" " ind2=" " tag="020">
      <subfield code="a">9781606499153</subfield>
      <subfield code="q">e-book</subfield>
   </datafield>
   <datafield ind1=" " ind2=" " tag="020">
      <subfield code="z">9781606499146</subfield>
      <subfield code="q">paperback</subfield>
   </datafield>
   <datafield ind1=" " ind2=" " tag="039">
      <subfield code="a">exclude</subfield>
   </datafield>
   <datafield ind1=" " ind2=" " tag="040">
      <subfield code="a">CaBNVSL</subfield>
      <subfield code="b">eng</subfield>
      <subfield code="e">rda</subfield>
      <subfield code="c">CaBNVSL</subfield>
      <subfield code="d">CaBNVSL</subfield>
      <subfield code="d">AEU</subfield>
   </datafield>
   <datafield ind1=" " ind2="4" tag="050">
      <subfield code="a">HD60</subfield>
      <subfield code="b">.C423 2015</subfield>
   </datafield>
   <datafield ind1="0" ind2="4" tag="082">
      <subfield code="a">658.408</subfield>
      <subfield code="2">23</subfield>
   </datafield>
   <datafield ind1=" " ind2=" " tag="090">
      <subfield code="a">Internet Access</subfield>
      <subfield code="b">AEU</subfield>
   </datafield>
   <datafield ind1="1" ind2=" " tag="100">
      <subfield code="a">Chandler, David,</subfield>
      <subfield code="d">1969-,</subfield>
      <subfield code="e">author.</subfield>
   </datafield>
   <datafield ind1="1" ind2="0" tag="245">
      <subfield code="a">Corporate social responsibility :</subfield>
      <subfield code="b">a strategic perspective /</subfield>
      <subfield code="c">David Chandler.</subfield>
   </datafield>
   <datafield ind1=" " ind2=" " tag="250">
      <subfield code="a">First edition.</subfield>
   </datafield>
   <datafield ind1=" " ind2="1" tag="264">
      <subfield code="a">New York, New York (222 East 46th Street, New York, NY 10017) :</subfield>
      <subfield code="b">Business Expert Press,</subfield>
      <subfield code="c">2015.</subfield>
   </datafield>
   <datafield ind1=" " ind2=" " tag="300">
      <subfield code="a">1 online resource (xxxv, 171 pages)</subfield>
   </datafield>
   <datafield ind1=" " ind2=" " tag="336">
      <subfield code="a">text</subfield>
      <subfield code="2">rdacontent</subfield>
   </datafield>
   <datafield ind1=" " ind2=" " tag="337">
      <subfield code="a">computer</subfield>
      <subfield code="2">rdamedia</subfield>
   </datafield>
   <datafield ind1=" " ind2=" " tag="338">
      <subfield code="a">online resource</subfield>
      <subfield code="2">rdacarrier</subfield>
   </datafield>
   <datafield ind1="1" ind2=" " tag="490">
      <subfield code="a">Principles for responsible management education collection,</subfield>
      <subfield code="x">2331-0022</subfield>
   </datafield>
   <datafield ind1=" " ind2=" " tag="500">
      <subfield code="a">Part of: 2014 digital library.</subfield>
   </datafield>
   <datafield ind1=" " ind2=" " tag="504">
      <subfield code="a">Includes bibliographical references (pages 157-166) and index.</subfield>
   </datafield>
   <datafield ind1="0" ind2=" " tag="505">
      <subfield code="a">Principle 1. Business equals social progress -- Principle 2. Shareholders do not own the firm -- Principle 3. Identifying stakeholders is easy : prioritizing stakeholder interests is difficult -- Principle 4. CSR is not solely a corporate responsibility -- Principle 5. Market-based solutions are optimal -- Principle 6. Profit = economic value + social value -- Principle 7. The free market is an illusion -- Principle 8. Scale matters : only business can save the planet -- Principle 9. Strategic CSR is not an option : it is business -- Principle 10. Milton Friedman was right : the social responsibility of business is business -- Conclusion. Strategic CSR as value creation.</subfield>
   </datafield>
   <datafield ind1=" " ind2=" " tag="506">
      <subfield code="a">Access restricted to authorized users and institutions.</subfield>
   </datafield>
   <datafield ind1="3" ind2=" " tag="520">
      <subfield code="a">The goal of this book is to detail the core, defining principles of strategic corporate social responsibility (strategic CSR) that differentiate it from related concepts, such as CSR, sustainability, and business ethics. The foundation for these principles lies in a pragmatic philosophy, oriented around stakeholder theory and designed to appeal to managers skeptical of existing definitions and organizing principles of CSR, sustainability, or business ethics. It is also designed to stimulate thought within the community of academics committed to these ideas, but who approach them from more traditional perspectives. Most importantly, the goal of this book is to solidify the intellectual framework around an emerging concept, strategic CSR, which seeks to redefine the concept of value creation for business in the twenty-first century. Ultimately, therefore, the purpose of this book is radical--it aims to reform both business education and business practice. By building a theory that defines CSR as core to business operations and value creation (as opposed to peripheral practices that can be marginalized within the firm), these defining principles become applicable across the range of operational functions. In the process, they redefine how businesses approach each of these functions in practice, but also redefine how these subjects should be taught in business schools worldwide. As such, this book will hopefully be of value to instructors, as a complement to their work; students, as a guide in their education; and managers, as a framework to help respond to the complex set of pressures that they face every day.</subfield>
   </datafield>
   <datafield ind1=" " ind2=" " tag="588">
      <subfield code="a">Title from PDF title page (viewed on November 16, 2014).</subfield>
   </datafield>
   <datafield ind1=" " ind2=" " tag="596">
      <subfield code="a">44</subfield>
   </datafield>
   <datafield ind1=" " ind2="0" tag="650">
      <subfield code="a">Social responsibility of business .</subfield>
   </datafield>
   <datafield ind1=" " ind2="0" tag="830">
      <subfield code="a">Principles for responsible management education collection.</subfield>
      <subfield code="x">2331-0022</subfield>
   </datafield>
   <datafield ind1="4" ind2="0" tag="856">
      <subfield code="3">University of Alberta Access</subfield>
      <subfield code="u">http://site.ebrary.com/lib/ualbertagep/Doc?id=10978742</subfield>
   </datafield>
   <datafield ind1=" " ind2=" " tag="949">
      <subfield code="h">UAIN</subfield>
      <subfield code="z">EBRARYBEP</subfield>
   </datafield>
   <datafield ind1=" " ind2=" " tag="926">
      <subfield code="a">Internet Access</subfield>
      <subfield code="w">LC</subfield>
      <subfield code="c">1</subfield>
      <subfield code="i">6784293-1001</subfield>
      <subfield code="l">INTERNET</subfield>
      <subfield code="m">UAINTERNET</subfield>
      <subfield code="r">Y</subfield>
      <subfield code="s">Y</subfield>
      <subfield code="t">E-RESOURCE</subfield>
      <subfield code="u">1/16/2015</subfield>
      <subfield code="x">E-BOOK</subfield>
      <subfield code="z">EBRARYBEP</subfield>
   </datafield>
</record>
